@book{Olshanskii1991,
    title = {Geometry of Defining Relations in Groups}, 
    author = {A. Yu. Ol'shanskii},
    isbn = {978-0-7923-1394-6}
    series = {Mathematics and its Applications},
    year = {1991},
    publisher = {Springer Netherlands},
    keywords = {groups}
}